

@online{auslan,
    author= {Maria Zelenskaya},
    title={Signing avatar animation pipeline - creating an interactive Auslan assistant - Maria Zelenskaya},
    year = {2023},
    url = {https://www.youtube.com/watch?v=qEDsTYX-CFA},
    urldate = {2024-01-12}
}


@online{Kara,
    author={Emma Memma - Auslan},
    title={Emma Memma Avatar | Behind the Scenes with @kara\_technologies},
    year={2023},
    url={https://youtu.be/EUg7hbaNkl0?si=MpcE9kAuPuJ39kSg},
    urldate = {2024-01-12}
}
